% Pokud potrebujeme BibTeXu napovedet, kde je nutne zachovat velka a mala 
% pismena, je potreba pouzit slozene zavorky {}. 
% Vetsinou jde o zkratky a vlastnich jmena, ktera nejsou na zacatku nazvu 
% publikace, pripadne o nazvy maker (viz napr. makro \LaTeX).

% Nekdy musime dlouhe URL odkazy zalamovat rucne, jak je ukazano nize.
% Vzdy ale uvedeme, kdy byla stranka naposledy aktualizovana, resp. pokud neni
% uvedeno, datum, kdy jsme udaje z ni nacerpali.

% Michal Svacha

@article{weber2005key,
  title={Key performance indicators},
  author={Weber, Al and Thomas, Ivara Ron},
  journal={Measuring and Managing the Maintenance Function, Ivara},
  year={2005}
}

@Article{947100, 
	author={J. Highsmith and A. Cockburn}, 
	journal={Computer}, 
	title={Agile software development: the business of innovation}, 
	year={2001}, 
	volume={34}, 
	number={9}, 
	pages={120-127},  
	doi={10.1109/2.947100}, 
	ISSN={0018-9162}, 
	month={Sep},
}

@Misc{data-driven-pharma,
	key = "data-driven-pharma",
	author = "Kevin MacDonald",
	title = "The Data Driven Pharmacy Today",
	note = "\\ \verb|https://kitcheck.com/2015/06/data-driven-pharmacy-today/|, June.\,2015",
}

@Misc{agile-waterfall,
	key = "agile-waterfall",
	author = "Brad Matsugu",
	title = "The Limitations of Linear Methodology – Waterfall or Agile…or Both?",
	note = "\\ \verb|http://www.blueprintsys.com/the-limitations-of-linear-methodology-waterfall-or-agile/|, 20.\,10.\,2014",
}

@Misc{tealium,
	key = "tealium",
	author = "Becki Leonard",
	title = "Tealium iQ - The World’s Leading Enterprise Tag Management Solution",
	note = "\\ \verb|http://tealium.com/products/tealium-iq-tag-management-system/|, 16.\,12.\,2015",
}

@Misc{hipaa,
	key = "hipaa",
	author = "Becki Leonard",
	title = "Tealium’s Customer Data Platform Achieves HIPAA Milestone",
	note = "\\ \verb|http://tealium.com/press-releases/tealiums-customer-data-platform-achieves-hipaa-milestone/|, 16.\,12.\,2015",
}

@Misc{crashlytics,
	key = "crashlytics",
	author = "Wayne Chang",
	title = "Crashlytics is joining forces with Twitter",
	note = "\\ \verb|http://www.crashlytics.com/blog/crashlytics-is-joining-forces-with-twitter/|, 28.\,1.\,2013",
}

@Misc{fabric,
	key = "fabric",
	author = "Jeff Seibert",
	title = "Introducing Fabric",
	note = "\\ \verb|https://blog.twitter.com/2014/introducing-fabric-india|, 24.\,10.\,2014",
}

@Misc{appsee,
	key = "appsee",
	author = "Appsee, Press Realease",
	title = "Appsee Partners with Twitter",
	note = "\\ \verb|https://www.appsee.com/press-releases/appsee-fabric-integration|, 8.\,12.\,2015",
}

@Misc{fastlane,
	key = "fastlane",
	author = "Felix Krause",
	title = "The easiest way to automate building and releasing your iOS and Android apps",
	note = "\\ \verb|https://github.com/fastlane/fastlane|, up to date 22.\,5.\,2016",
}

@Misc{newrelic,
	key = "newrelic",
	author = "New Relic, Press Release",
	title = "People, process, privacy.",
	note = "\\ \verb|https://newrelic.com/why-new-relic/security|, up to date 22.\,5.\,2016",
}

@Misc{udid,
	key = "udid",
	author = "Chris Rawson",
	title = "iOS 5 deprecates UDID as identifier for developers, but it's not the end of the world",
	note = "\\ \verb|http://www.engadget.com/2011/08/19/ios-5-deprecates-udid-as-identifier-for-developers-but-its-not/|, 19.\,8.\,2011",
}


@Misc{elasticbeanstalk,
	key = "elasticbeanstalk",
	author = "AWS Documentation",
	title = "What Is AWS Elastic Beanstalk?",
	note = "\\ \verb|http://docs.aws.amazon.com/elasticbeanstalk/latest/dg/Welcome.html|, 6.\,8.\,2013",
}

@book{vliet2011elastic,
  title={Elastic Beanstalk},
  author={Vliet, Jurg and Paganelli, Flavia and Van Wel, Steven and Dowd, Dara},
  year={2011},
  publisher={" O'Reilly Media, Inc."}
}

@Misc{spring-boot-blog,
	key = "spring-boot-blog",
	author = "Phil Webb",
	title = "Spring Boot – Simplifying Spring for Everyone",
	note = "\\ \verb|https://spring.io/blog/2013/08/06/spring-boot-simplifying-spring-for-everyone|, 6.\,8.\,2013",
}

@Misc{spring-boot-doc,
	key = "spring-boot-doc",
	author = "Spring-Boot Documentation",
	title = "Spring Boot Reference Guide",
	note = "\\ \verb|http://docs.spring.io/spring-boot/docs/current-SNAPSHOT/reference/htmlsingle/|, up to date 16.\,5.\,2016",
}

@Misc{jql,
	key = "jql",
	author = "Dan Radigan",
	title = "JQL: the most flexible way to search JIRA",
	note = "\\ \verb|http://blogs.atlassian.com/2013/01/jql-the-most-flexible-way-to-search-jira-14/|, 29.\,1.\,2013",
}

@Misc{aurora,
	key = "aurora",
	author = "AWS Documentation",
	title = "Aurora on Amazon RDS",
	note = "\\ \verb|http://docs.aws.amazon.com/AmazonRDS/latest/UserGuide/CHAP_Aurora.html|, up to date 24.\,5.\,2016",
}

@article{deutsch1996gzip,
  title={GZIP file format specification version 4.3},
  author={Deutsch, L Peter},
  year={1996}
}

@inproceedings{Nielsen:1993:MMF:169059.169166,
 author = {Nielsen, Jakob and Landauer, Thomas K.},
 title = {A Mathematical Model of the Finding of Usability Problems},
 booktitle = {Proceedings of the INTERACT '93 and CHI '93 Conference on Human Factors in Computing Systems},
 series = {CHI '93},
 year = {1993},
 isbn = {0-89791-575-5},
 location = {Amsterdam, The Netherlands},
 pages = {206--213},
 numpages = {8},
 url = {http://doi.acm.org/10.1145/169059.169166},
 doi = {10.1145/169059.169166},
 acmid = {169166},
 publisher = {ACM},
 address = {New York, NY, USA},
 keywords = {Poisson models, cost-benefit analysis, heuristic evaluation, iterative design, usability engineering, usability problems, user testing},
} 